% Encoding: UTF-8

@Unpublished{Todi2017,
  author   = {Todi, Kashyap and Sch{\"{o}}ning, Johannes and Luyten, Kris},
  title    = {{BinPut: A Ubiquitous Input Technique Inspired by Binary Search}},
  year     = {2017},
  pubstate = {submitted},
  journal  = {PACM on Interactive, Mobile, Wearable and Ubiquitous Technologies},
  number   = {1},
  volume   = {1},
}

@Comment{jabref-meta: databaseType:biblatex;}
