% Encoding: UTF-8
@online{Fingas2018,
	author = {Fingas, Jon},
	organization = {engadget.com},
	title = {{Google Maps uses landmarks to provide natural-sounding directions}},
	url = {https://www.engadget.com/2018/04/16/google-maps-uses-landmarks-for-directions/},
	urldate = {2018-04-24},
	year = {2018}
}

@Online{Google2018,
  author  = {{Google LLC}},
  title   = {{Google Maps APIs}},
  year    = {2018},
  url     = {https://developers.google.com/maps/gaming/},
  urldate = {2018-04-25},
}

@Online{Sygic2018,
  author  = {Sygic},
  title   = {Sygic GPS Navigation f√ºr Android},
  year    = {2018},
  url     = {http://www.sygic.com/de/gps-navigation},
  urldate = {2018-05-10},
}

@Online{Cunningham2017,
  author       = {Wayne Cunningham},
  editor       = {Roadshow},
  title        = {{Augmented reality in the car steps toward production at CES 2017}},
  year         = {2017},
  url          = {https://www.cnet.com/roadshow/news/augmented-reality-in-the-car-steps-towards-production-at-ces-2017-harman-continental-visteon/},
  subtitle     = {{Automotive equipment suppliers Harman, Continental and Visteon show augmented reality concepts, projecting contextual driving information on the windshield.}},
  organization = {CNET},
  urldate      = {2018-05-10},
}

@Online{MagicLeap2018,
  author  = {{Magic Leap, Inc.}},
  title   = {{Magic Leap}},
  year    = {2018},
  url     = {https://www.magicleap.com/},
  urldate = {2018-05-10},
}

@Online{Microsoft2018,
  author = {Microsoft},
  title  = {Microsoft HoloLens},
  year   = {2018},
  url    = {https://www.microsoft.com/de-de/hololens},
}

@Online{Google2018a,
  author = {{Google Inc.}},
  title  = {Google Cardboard},
  year   = {2018},
  url    = {https://vr.google.com/cardboard/},
}

@Online{Ubisoft2018,
  author  = {{Ubisoft}},
  title   = {Tom Clancy's The Division Offizielle Website},
  year    = {2018},
  url     = {https://tomclancy-thedivision.ubisoft.com/game/de-de/home/},
  urldate = {2018-05-10},
}

@Online{MYDIVISION.NET2014,
  author = {{MYDIVISION.NET}},
  title  = {HUD \& User Interface},
  year   = {2014},
  url    = {https://mydivision.net/the-division-hud/},
}

@Comment{jabref-meta: databaseType:biblatex;}
