@inproceedings{Lin2017,
	author = {Lin, Allen Yilun and Kuehl, Kate and Sch{\"{o}}ning, Johannes and Hecht, Brent},
	booktitle = {Proceedings of the 2017 CHI Conference on Human Factors in Computing Systems},
	doi = {10.1145/3025453.3025737},
	pages = {1154--1166},
	title = {{Understanding “Death by GPS”: A Systematic Study of Catastrophic Incidents Associated with Personal Navigation Technologies Allen}},
%	url = {http://dl.acm.org/citation.cfm?doid=3025453.3025737},
	year = {2017}
}

@online{Fingas2018,
	author = {Fingas, Jon},
	organization = {engadget.com},
	title = {{Google Maps uses landmarks to provide natural-sounding directions}},
	url = {https://www.engadget.com/2018/04/16/google-maps-uses-landmarks-for-directions/},
	urldate = {2018-04-24},
	year = {2018}
}

@inproceedings{Wenig2017,
	author = {Wenig, Nina and Wenig, Dirk and Ernst, Steffen and Malaka, Rainer and Hecht, Brent and Sch{\"{o}}ning, Johannes},
	booktitle = {Proceedings of the 19th International Conference on Human-Computer Interaction with Mobile Devices and Services},
	doi = {10.1145/3098279.3098529},
%	pages = {1--13},
	title = {{Pharos: improving navigation instructions on smartwatches by including global landmarks}},
	year = {2017}
}

@inproceedings{Walton2017,
	author = {Walton, David R. and Steed, Anthony},
	booktitle = {Proceedings of the 23rd ACM Symposium on Virtual Reality Software and Technology},
	doi = {10.1145/3139131.3139153},
%	pages = {1--10},
	title = {{Accurate real-time occlusion for mixed reality}},
%	url = {http://dl.acm.org/citation.cfm?doid=3139131.3139153},
	year = {2017}
}

@inproceedings{Kasperi2017,
	author = {Kasperi, Johan and Edwardsson, Malin Picha and Romero, Mario},
	booktitle = {VRST '17: Proceedings of the 23rd ACM Symposium on Virtual Reality Software and Technology},
	doi = {10.1145/3139131.3139159},
%	pages = {1--10},
	title = {{Occlusion in outdoor augmented reality using geospatial building data}},
%	url = {http://dl.acm.org/citation.cfm?doid=3139131.3139159},
	year = {2017}
}

@online{Google2018,
	author={{Google LLC}},
	title={{Google Maps APIs}},
	url={https://developers.google.com/maps/gaming/},
	urldate={2018-04-25}
}



